<?xml version="1.0" encoding="UTF-8"?>
<record xmlns="http://www.loc.gov/MARC21/slim">
  <leader>01039cjm a22002653a 4500</leader>
  <controlfield tag="001"></controlfield>
  <controlfield tag="005"></controlfield>
  <controlfield tag="007"></controlfield>
  <controlfield tag="008">060127s           ppn|           | eng  </controlfield>
  <datafield tag="010" ind1=" " ind2=" ">
    <subfield code="a"></subfield>
  </datafield>
  <datafield tag="024" ind1="1" ind2=" ">
    <subfield code="a"></subfield>
  </datafield>
  <datafield tag="028" ind1="0" ind2="2">
    <subfield code="a"></subfield>
    <subfield code="b"></subfield>
  </datafield>
  <datafield tag="040" ind1=" " ind2=" ">
    <subfield code="a"></subfield>
    <subfield code="c"></subfield>
  </datafield>
  <datafield tag="050" ind1="0" ind2="0">
    <subfield code="a"></subfield>
  </datafield>
  <datafield tag="245" ind1="0" ind2="0">
    <subfield code="a"></subfield>
    <subfield code="h">[sound recording] /</subfield>
    <subfield code="c"></subfield>
  </datafield>
  <datafield tag="260" ind1=" " ind2=" ">
    <subfield code="a"></subfield>
    <subfield code="b"></subfield>
    <subfield code="c"></subfield>
  </datafield>
  <datafield tag="300" ind1=" " ind2=" ">
    <subfield code="a">1 sound disc :</subfield>
    <subfield code="b">digital ;</subfield>
    <subfield code="c">4 3/4 in.</subfield>
  </datafield>
  <datafield tag="511" ind1="0" ind2=" ">
    <subfield code="a"></subfield>
  </datafield>
  <datafield tag="505" ind1="0" ind2=" ">
    <subfield code="a"></subfield>
  </datafield>
</record>
